@UNPUBLISHED{bruel2015autotuningGPU,
    author={Bruel, Pedro and Amar√≠s, Marcos and Goldman, Alfredo},
    title={Autotuning GPU Compiler Parameters Using OpenTuner},
    note={Submitted to SBAC/PAD 2015.}
}
@book{beck2000extreme,
  title={Extreme programming explained: embrace change},
  author={Beck, Kent},
  year={2000},
  publisher={Addison-Wesley Professional}
}
@article{goldman2011optimizing,
  title={Optimizing resource sharing on cooperative execution of algorithms},
  author={Goldman, Alfredo and Ngoko, Yanik and Trystram, Denis and others},
  year={2011}
}
@article{de1981bin,
  title={Bin packing can be solved within 1+ $\varepsilon$ in linear time},
  author={De La Vega, W Fernandez and Lueker, George S.},
  journal={Combinatorica},
  volume={1},
  number={4},
  pages={349--355},
  year={1981},
  publisher={Springer}
}
@inproceedings{bruel2014protocol,
    title={A Protocol for creating Multiagent Systems in Ensemble with Pure Data},
    author={Bruel, P.H.R. and Queiroz, M.G.},
    booktitle={Proceedings of the ICMC / SMC 2014 Joint Conference, 2014},
    year={2014},
    pages={1--8}
}
@article{demmel2009accelerating,
  title={Accelerating time-to-solution for computational science and engineering},
  author={Demmel, James and Dongarra, Jack and Fox, Armando and Williams, Sam and Volkov, Vasily and Yelick, Katherine},
  journal={SciDAC Review,(15)},
  year={2009}
}
@article{tartara2013heuristics,
 author = {Tartara, Michele and Crespi Reghizzi, Stefano},
 title = {Continuous Learning of Compiler Heuristics},
 journal = {ACM Trans. Archit. Code Optim.},
 issue_date = {January 2013},
 volume = {9},
 number = {4},
 month = jan,
 year = {2013},
 issn = {1544-3566},
 pages = {46:1--46:25},
 articleno = {46},
 numpages = {25},
 url = {http://doi.acm.org/10.1145/2400682.2400705},
 doi = {10.1145/2400682.2400705},
 acmid = {2400705},
 publisher = {ACM},
 address = {New York, NY, USA},
 keywords = {Iterative compilation, PetaBricks, machine learning},
} 
@article{ngoko2014backtracking,
  author    = {Yanik Ngoko and
               Christophe C{\'{e}}rin and
               Alfredo Goldman and
               Dejan S. Milojicic},
  title     = {Backtracking algorithms for service selection},
  journal   = {CoRR},
  year      = {2014},
  volume    = {abs/1402.1309},
  url       = {http://arxiv.org/abs/1402.1309},
  timestamp = {Wed, 10 Sep 2014 18:50:03 +0200},
  biburl    = {http://dblp.uni-trier.de/rec/bib/journals/corr/NgokoCGM14},
  bibsource = {dblp computer science bibliography, http://dblp.org}
}
@inproceedings{goldman2013combining,
 author = {Goldman, Alfredo and Lepping, Joachim and Ngoko, Yanik and Trystram, Denis},
 title = {Combining Parallel Algorithms Solving the Same Application: What is the Best Approach?},
 booktitle = {Proceedings of the 2013 IEEE 27th International Symposium on Parallel and Distributed Processing Workshops and PhD Forum},
 series = {IPDPSW '13},
 year = {2013},
 isbn = {978-0-7695-4979-8},
 pages = {1859--1868},
 numpages = {10},
 url = {http://dx.doi.org/10.1109/IPDPSW.2013.81},
 doi = {10.1109/IPDPSW.2013.81},
 acmid = {2510996},
 publisher = {IEEE Computer Society},
 address = {Washington, DC, USA},
 keywords = {Algorithm portfolio, program synthesis, comparative analysis, cooperative problem solving, poly-algorithms},
}
@inproceedings{bougeret2009combining,
  title={Combining multiple heuristics on discrete resources},
  author={Bougeret, Marin and Dutot, P-F and Goldman, Alfredo and Ngoko, Yanik and Trystram, Denis},
  booktitle={Parallel \& Distributed Processing, 2009. IPDPS 2009. IEEE International Symposium on},
  pages={1--8},
  year={2009},
  organization={IEEE}
}
@article{bougeret2011approximating,
  title={Approximating the discrete resource sharing scheduling problem},
  author={Bougeret, Marin and Dutot, Pierre-Fran{\c{c}}ois and Goldman, Alfredo and Ngoko, Yanik and Trystram, Denis},
  journal={International Journal of Foundations of Computer Science},
  volume={22},
  number={03},
  pages={639--656},
  year={2011},
  publisher={World Scientific}
}
@article{huberman1997economics,
  title={An economics approach to hard computational problems},
  author={Huberman, Bernardo A and Lukose, Rajan M and Hogg, Tad},
  journal={Science},
  volume={275},
  number={5296},
  pages={51--54},
  year={1997},
  publisher={American Association for the Advancement of Science}
}
@incollection{burke2009,
year={2009},
isbn={978-3-642-01798-8},
booktitle={Computational Intelligence},
volume={1},
series={Intelligent Systems Reference Library},
editor={Mumford, ChristineL. and Jain, LakhmiC.},
doi={10.1007/978-3-642-01799-5_6},
title={Exploring Hyper-heuristic Methodologies with Genetic Programming},
url={http://dx.doi.org/10.1007/978-3-642-01799-5_6},
publisher={Springer Berlin Heidelberg},
author={Burke, EdmundK. and Hyde, MathewR. and Kendall, Graham and Ochoa, Gabriela and Ozcan, Ender and Woodward, JohnR.},
pages={177-201},
language={English}
}
@inproceedings{wolf:1991,
 author = {Wolf, Michael E. and Lam, Monica S.},
 title = {A Data Locality Optimizing Algorithm},
 booktitle = {Proceedings of the ACM SIGPLAN 1991 Conference on Programming Language Design and Implementation},
 series = {PLDI '91},
 year = {1991},
 isbn = {0-89791-428-7},
 location = {Toronto, Ontario, Canada},
 pages = {30--44},
 numpages = {15},
 url = {http://doi.acm.org/10.1145/113445.113449},
 doi = {10.1145/113445.113449},
 acmid = {113449},
 publisher = {ACM},
 address = {New York, NY, USA},
} 
@article{goldman2012framework,
  title={A Framework for the Design of Parallel Adaptive Libraries on Hard Computational Problems},
  author={Goldman, Alfredo and Ngoko, Yanik and Trystram, Denis and others},
  year={2012}
}
@phdthesis{wong2011high,
    title={High-performance computing with PetaBricks and Julia},
    author={Wong, Yee Lok and others},
    year={2011},
    school={Massachusetts Institute of Technology}
}
@phdthesis{watanaprakornkul2012distributed,
    title={Distributed data as a choice in PetaBricks},
    author={Watanaprakornkul, Phumpong},
    year={2012},
    school={Massachusetts Institute of Technology}
}
@inproceedings{amarasinghe2011petabricks,
    title={PetaBricks: a language and compiler based on autotuning.},
    author={Amarasinghe, Saman P},
    booktitle={HiPEAC},
    pages={3},
    year={2011}
}
@inproceedings{chan2009autotuning,
    title={Autotuning multigrid with petabricks},
    author={Chan, Cy and Ansel, Jason and Wong, Yee Lok and Amarasinghe, Saman and Edelman, Alan},
    booktitle={High Performance Computing Networking, Storage and Analysis, Proceedings of the Conference on},
    pages={1--12},
    year={2009},
    organization={IEEE}
}
@TechReport{mitcsail-tr:2014,
  author      = "Yufei Ding and Jason Ansel and Kalyan Veeramachaneni and Xipeng Shen and Una-May O'Reilly and Saman Amarasinghe",
  month       = "June",
  year        = "2014",
  title       = "Autotuning Algorithmic Choice for Input Sensitivity",
  url         = "http://groups.csail.mit.edu/commit/papers/2014/MIT-CSAIL-TR-2014-014.pdf",
  keywords    = "PetaBricks",
  number      = "MIT/CSAIL Technical Report MIT-CSAIL-TR-2014-014",
  type        = "Technical Report",
  address     = "Cambridge, MA",
  institution = "Massachusetts Institute of Technology",
}
@PhDThesis{ansel2014phd,
    title     = "Autotuning Programs with Algorithmic Choice",
    author    = "Jason Ansel",
    month     = "February",
    year      = "2014",
    url       = "http://groups.csail.mit.edu/commit/papers/2014/ansel-phd-thesis.pdf",
    slides    = "http://groups.csail.mit.edu/commit/papers/2014/ansel-phd-thesis-slides.pdf",
    keywords  = "PetaBricks, OpenTuner",
    type      = "Ph.D. Thesis",
    address   = "Cambridge, MA",
    school    = "Massachusetts Institute of Technology",
}
@article{ansel2013opentuner,
  title={OpenTuner: An Extensible Framework for Program Autotuning},
  author={Ansel, Jason and Kamil, Shoaib and Veeramachaneni, Kalyan and O'Reilly, Una-May and Amarasinghe, Saman},
  year={2013}
}
@InProceedings{ansel2011efficient,
    title     = "An Efficient Evolutionary Algorithm for Solving Bottom Up Problems",
    author    = "Jason Ansel and Maciej Pacula and Saman Amarasinghe and Una-May O'Reilly",
    booktitle = "Annual Conference on Genetic and Evolutionary Computation",
    address   = "Dublin, Ireland",
    month     = "July",
    year      = "2011",
    keywords  = "PetaBricks",
    url       = "http://groups.csail.mit.edu/commit/papers/2011/ansel-gecco11-pbautotuner.pdf",
}
@InProceedings{ansel2009petabricks,

    title     = "PetaBricks: A Language and Compiler for Algorithmic Choice",
    author    = "Jason Ansel and Cy Chan and Yee Lok Wong and Marek Olszewski and Qin Zhao and Alan Edelman and Saman Amarasinghe",
    booktitle = "ACM SIGPLAN Conference on Programming Language Design and Implementation",
    month     = "Jun",
    year      = "2009",
    address   = "Dublin, Ireland",
    keywords  = "PetaBricks",
    url       = "http://groups.csail.mit.edu/commit/papers/2009/ansel-pldi09.pdf",
    slides    = "http://groups.csail.mit.edu/commit/papers/2009/ansel-pldi09-slides.pdf",
}
@InProceedings{pacula2012bandit,
    title     = "Hyperparameter Tuning in Bandit-Based Adaptive Operator Selection",
    author    = "Maciej Pacula and Jason Ansel and Saman Amarasinghe and Una-May O'Reilly",
    booktitle = "European Conference on the Applications of Evolutionary Computation",
    address   = "Malaga, Spain",
    month     = "Apr",
    year      = "2012",
    keywords  = "PetaBricks",
    url       = "http://groups.csail.mit.edu/commit/papers/2012/pacula-evoapps12-banditext.pdf",
}
@InProceedings{ansel:cgo:2011,
    title     = "Language and Compiler Support for Auto-Tuning Variable-Accuracy Algorithms",
    author    = "Jason Ansel and Yee Lok Won ans Cy Chan and Marek Olszewski and Alan Edelman and Saman Amarasinghe",
    booktitle = "The International Symposium on Code Generation and Optimization",
    address   = "Chamonix, France",
    month     = "Apr",
    year      = "2011",
    keywords  = "PetaBricks",
    url       = "http://groups.csail.mit.edu/commit/papers/2011/ansel-cgo11-pbaccuracy.pdf",
}
@article{ansel:xrds:2010,
    author = "Jason Ansel and Cy Chan",
    title = "PetaBricks: Building adaptable and more efficient programs for the multi-core era",
    address = "New York, NY, USA",
    issn = "1528-4972",
    journal = "Crossroads, The ACM Magazine for Students (XRDS)",
    keywords = "PetaBricks",
    type = "Journal",
    month = "Sep",
    number = "1",
    pages = "32--37",
    publisher = "ACM",
    url = "http://groups.csail.mit.edu/commit/papers/2010/ansel-xrds.pdf",
    volume = "17",
    year = "2010",
}
%Related:
@article{puschel2005spiral,
  title={SPIRAL: Code generation for DSP transforms},
  author={Puschel, Markus and Moura, Jos{\'e} MF and Johnson, Jeremy R and Padua, David and Veloso, Manuela M and Singer, Bryan W and Xiong, Jianxin and Franchetti, Franz and Gacic, Aca and Voronenko, Yevgen and others},
  journal={Proceedings of the IEEE},
  volume={93},
  number={2},
  pages={232--275},
  year={2005},
  publisher={IEEE}
}
@inproceedings{ali2007scheduling,
 author = {Ali, Ayaz and Johnsson, Lennart and Subhlok, Jaspal},
 title = {Scheduling FFT Computation on SMP and Multicore Systems},
 booktitle = {Proceedings of the 21st Annual International Conference on Supercomputing},
 series = {ICS '07},
 year = {2007},
 isbn = {978-1-59593-768-1},
 location = {Seattle, Washington},
 pages = {293--301},
 numpages = {9},
 url = {http://doi.acm.org/10.1145/1274971.1275011},
 doi = {10.1145/1274971.1275011},
 acmid = {1275011},
 publisher = {ACM},
 address = {New York, NY, USA},
 keywords = {automatic parallelization, automatic performance tuning, fast Fourier transform, multicore, shared memory},
} 
@inproceedings{whaley1998,
 author = {Whaley, R. Clint and Dongarra, Jack J.},
 title = {Automatically Tuned Linear Algebra Software},
 booktitle = {Proceedings of the 1998 ACM/IEEE Conference on Supercomputing},
 series = {SC '98},
 year = {1998},
 isbn = {0-89791-984-X},
 location = {San Jose, CA},
 pages = {1--27},
 numpages = {27},
 url = {http://dl.acm.org/citation.cfm?id=509058.509096},
 acmid = {509096},
 publisher = {IEEE Computer Society},
 address = {Washington, DC, USA},
 keywords = {BLAS, code generation, high performance, linear algebra, optimization, tuning},
}
@article{whaley2005,
  title={Minimizing development and maintenance costs in supporting persistently optimized BLAS},
  author={Whaley, R Clint and Petitet, Antoine},
  journal={Software: Practice and Experience},
  volume={35},
  number={2},
  pages={101--121},
  year={2005},
  publisher={Wiley Online Library}
} 
@inproceedings{bilmes1997,
    author = {Bilmes, Jeff and Asanovic, Krste and Chin, Chee-Whye and Demmel, Jim},
    title = {Optimizing Matrix Multiply Using PHiPAC: A Portable, High-performance, ANSI C Coding Methodology},
    booktitle = {Proceedings of the 11th International Conference on Supercomputing},
    series = {ICS '97},
    year = {1997},
    isbn = {0-89791-902-5},
    location = {Vienna, Austria},
    pages = {340--347},
    numpages = {8},
    url = {http://doi.acm.org/10.1145/263580.263662},
    doi = {10.1145/263580.263662},
    acmid = {263662},
    publisher = {ACM},
    address = {New York, NY, USA},
}
@inproceedings{bilmes2014phipacretro,
 author = {Bilmes, Jeff and Asanovic, Krste and Chin, Chee-Whye and Demmel, Jim},
 title = {Author Retrospective for Optimizing Matrix Multiply Using PHiPAC: A Portable High-performance ANSI C Coding Methodology},
 booktitle = {25th Anniversary International Conference on Supercomputing Anniversary Volume},
 year = {2014},
 isbn = {978-1-4503-2840-1},
 location = {Munich, Germany},
 pages = {42--44},
 numpages = {3},
 url = {http://doi.acm.org/10.1145/2591635.2591656},
 doi = {10.1145/2591635.2591656},
 acmid = {2591656},
 publisher = {ACM},
 address = {New York, NY, USA},
}
@article{williams2009,
    author = {Williams, Samuel and Waterman, Andrew and Patterson, David},
    title = {Roofline: An Insightful Visual Performance Model for Multicore Architectures},
    journal = {Commun. ACM},
    issue_date = {April 2009},
    volume = {52},
    number = {4},
    month = apr,
    year = {2009},
    issn = {0001-0782},
    pages = {65--76},
    numpages = {12},
    url = {http://doi.acm.org/10.1145/1498765.1498785},
    doi = {10.1145/1498765.1498785},
    acmid = {1498785},
    publisher = {ACM},
    address = {New York, NY, USA},
}
@article{vuduc2004,
    title={Statistical models for empirical search-based performance tuning},
    author={Vuduc, Richard and Demmel, James W and Bilmes, Jeff A},
    journal={International Journal of High Performance Computing Applications},
    volume={18},
    number={1},
    pages={65--94},
    year={2004},
    publisher={SAGE Publications}
}
@inproceedings{brewer1995,
 author = {Brewer, Eric A.},
 title = {High-level Optimization via Automated Statistical Modeling},
 booktitle = {Proceedings of the Fifth ACM SIGPLAN Symposium on Principles and Practice of Parallel Programming},
 series = {PPOPP '95},
 year = {1995},
 isbn = {0-89791-700-6},
 location = {Santa Barbara, California, USA},
 pages = {80--91},
 numpages = {12},
 url = {http://doi.acm.org/10.1145/209936.209946},
 doi = {10.1145/209936.209946},
 acmid = {209946},
 publisher = {ACM},
 address = {New York, NY, USA},
}
@inproceedings{lagoudakis2000reinforcement,
  title={Algorithm Selection using Reinforcement Learning.},
  author={Lagoudakis, Michail G and Littman, Michael L},
  booktitle={ICML},
  pages={511--518},
  year={2000}
}
@inproceedings{yu2004adaptive,
 author = {Yu, Hao and Zhang, Dongmin and Rauchwerger, Lawrence},
 title = {An Adaptive Algorithm Selection Framework},
 booktitle = {Proceedings of the 13th International Conference on Parallel Architectures and Compilation Techniques},
 series = {PACT '04},
 year = {2004},
 isbn = {0-7695-2229-7},
 pages = {278--289},
 numpages = {12},
 url = {http://dx.doi.org/10.1109/PACT.2004.6},
 doi = {10.1109/PACT.2004.6},
 acmid = {1026016},
 publisher = {IEEE Computer Society},
 address = {Washington, DC, USA},
}
@inproceedings{jordan2013inspire,
  title={INSPIRE: The insieme parallel intermediate representation},
  author={Jordan, Herbert and Pellegrini, Simone and Thoman, Peter and Kofler, Klaus and Fahringer, Thomas},
  booktitle={Parallel Architectures and Compilation Techniques (PACT), 2013 22nd International Conference on},
  pages={7--17},
  year={2013},
  organization={IEEE}
}
@inproceedings{thomas2005stapl,
 author = {Thomas, Nathan and Tanase, Gabriel and Tkachyshyn, Olga and Perdue, Jack and Amato, Nancy M. and Rauchwerger, Lawrence},
 title = {A Framework for Adaptive Algorithm Selection in STAPL},
 booktitle = {Proceedings of the Tenth ACM SIGPLAN Symposium on Principles and Practice of Parallel Programming},
 series = {PPoPP '05},
 year = {2005},
 isbn = {1-59593-080-9},
 location = {Chicago, IL, USA},
 pages = {277--288},
 numpages = {12},
 url = {http://doi.acm.org/10.1145/1065944.1065981},
 doi = {10.1145/1065944.1065981},
 acmid = {1065981},
 publisher = {ACM},
 address = {New York, NY, USA},
 keywords = {adaptive algorithms, machine learning, matrix multiplication, parallel algorithms, sorting},
} 
@inproceedings{yotov2003,
 author = {Yotov, Kamen and Li, Xiaoming and Ren, Gang and Cibulskis, Michael and DeJong, Gerald and Garzaran, Maria and Padua, David and Pingali, Keshav and Stodghill, Paul and Wu, Peng},
 title = {A Comparison of Empirical and Model-driven Optimization},
 booktitle = {Proceedings of the ACM SIGPLAN 2003 Conference on Programming Language Design and Implementation},
 series = {PLDI '03},
 year = {2003},
 isbn = {1-58113-662-5},
 location = {San Diego, California, USA},
 pages = {63--76},
 numpages = {14},
 url = {http://doi.acm.org/10.1145/781131.781140},
 doi = {10.1145/781131.781140},
 acmid = {781140},
 publisher = {ACM},
 address = {New York, NY, USA},
}
@inproceedings{smith2000,
 author = {Smith, Michael D.},
 title = {Overcoming the Challenges to Feedback-directed Optimization (Keynote Talk)},
 booktitle = {Proceedings of the ACM SIGPLAN Workshop on Dynamic and Adaptive Compilation and Optimization},
 series = {DYNAMO '00},
 year = {2000},
 isbn = {1-58113-241-7},
 pages = {1--11},
 numpages = {11},
 url = {http://doi.acm.org/10.1145/351397.351408},
 doi = {10.1145/351397.351408},
 acmid = {351408},
 publisher = {ACM},
 address = {New York, NY, USA},
}
@article{santiago2006,
  title={A Statistical Approach for the Analysis of the Relation between Low-Level Performance Information, the Code and the Environment},
  author={Santiago, Nayda G and Rover, Diane T and Rodriguez, Domingo},
  journal={INFORMATION-YAMAGUCHI-},
  volume={9},
  number={3},
  pages={503},
  year={2006},
  publisher={INTERNATIONAL INFORMATION INSTITUTE}
}
@inproceedings{granlund1992,
 author = {Granlund, Torbj\"{o}rn and Kenner, Richard},
 title = {Eliminating Branches Using a Superoptimizer and the GNU C Compiler},
 booktitle = {Proceedings of the ACM SIGPLAN 1992 Conference on Programming Language Design and Implementation},
 series = {PLDI '92},
 year = {1992},
 isbn = {0-89791-475-9},
 location = {San Francisco, California, USA},
 pages = {341--352},
 numpages = {12},
 url = {http://doi.acm.org/10.1145/143095.143146},
 doi = {10.1145/143095.143146},
 acmid = {143146},
 publisher = {ACM},
 address = {New York, NY, USA},
}
@inproceedings{nisbet1998,
  title={GAPS: Iterative feedback directed parallelisation using genetic algorithms},
  author={Nisbet, Andy P},
  booktitle={Workshop on Profile and Feedback-Directed Compilation,(Paris, France)},
  year={1998}
}
@techreport{cooper2002compilation,
  title={Compilation order matters},
  author={Cooper, K and Harvey, Timothy J and Subramanian, Devika and Torczon, Linda},
  year={2002},
  institution={Technical Report, Rice University}
}
@article{cooper2002adaptive,
  title={Adaptive optimizing compilers for the 21st century},
  author={Cooper, Keith D and Subramanian, Devika and Torczon, Linda},
  journal={The Journal of Supercomputing},
  volume={23},
  number={1},
  pages={7--22},
  year={2002},
  publisher={Springer}
}
%Compiler books:
@book{cooper2011,
  title={Engineering a compiler},
  author={Cooper, Keith and Torczon, Linda},
  year={2011},
  publisher={Elsevier}
}
@book{aho2006,
  title={Compilers: Principles, Techniques, and Tools},
  author={Lam, Monica and Sethi, Ravi and Ullman, JD and Aho, Alfred},
  year={2006},
  publisher={Addison-Wesley}
}
@article{keshav2007howtoread,
 author = {Keshav, S.},
 title = {How to Read a Paper},
 journal = {SIGCOMM Comput. Commun. Rev.},
 issue_date = {July 2007},
 volume = {37},
 number = {3},
 month = jul,
 year = {2007},
 issn = {0146-4833},
 pages = {83--84},
 numpages = {2},
 url = {http://doi.acm.org/10.1145/1273445.1273458},
 doi = {10.1145/1273445.1273458},
 acmid = {1273458},
 publisher = {ACM},
 address = {New York, NY, USA},
 keywords = {hints, paper, reading},
}
@mastersthesis{eliahu2015frpa,
    Author = {Eliahu, David and Spillinger, Omer and Fox, Armando and Demmel, James},
    Title = {FRPA: A Framework for Recursive Parallel Algorithms},
    School = {EECS Department, University of California, Berkeley},
    Year = {2015},
    Month = {May},
    URL = {http://www.eecs.berkeley.edu/Pubs/TechRpts/2015/EECS-2015-28.html},
    Number = {UCB/EECS-2015-28}
}
@misc{marcosFAPESP,
    title = {Modelo BSP em placas gr√°ficas, Processo FAPESP:12/23300-7},
    author = {Gonz√°les, Marcos Tulio Amaris and Goldman, Alfredo},
    URL = {http://www.bv.fapesp.br/pt/bolsas/141509/modelo-bsp-em-placas-graficas/}
}
